@inproceedings{de2006generating,
	  title={Generating typed dependency parses from phrase structure parses},
	    author={De Marneffe, Marie-Catherine and MacCartney, Bill and Manning, Christopher D and others},
	      booktitle={Proceedings of LREC},
	        volume={6},
		  number={2006},
		    pages={449--454},
		      year={2006},
		        organization={Genoa Italy}
}


@inproceedings{mcdonald2013universal,
	  title={Universal dependency annotation for multilingual parsing},
	    author={McDonald, Ryan and Nivre, Joakim and Quirmbach-Brundage, Yvonne and Goldberg, Yoav and Das, Dipanjan and Ganchev, Kuzman and Hall, Keith and Petrov, Slav and Zhang, Hao and T{\"a}ckstr{\"o}m, Oscar and others},
	      booktitle={Proceedings of the 51st Annual Meeting of the Association for Computational Linguistics (Volume 2: Short Papers)},
	        volume={2},
		  pages={92--97},
		    year={2013}
}


